<?xml version="1.0" encoding="UTF-8"?><collection xmlns="http://www.loc.gov/MARC21/slim"><record><leader>00350nam--2200181-i-4500</leader><controlfield tag="001">000000001</controlfield><controlfield tag="002">20161230</controlfield><controlfield tag="005">20161230201023</controlfield><controlfield tag="008">060222s1000------------r-----000-0-eng-d</controlfield><datafield ind1=" " ind2=" " tag="020"><subfield code="a">ISBN</subfield></datafield><datafield ind1=" " ind2=" " tag="080"><subfield code="a">CZU</subfield></datafield><datafield ind1=" " ind2=" " tag="100"><subfield code="a">Author</subfield></datafield><datafield ind1=" " ind2=" " tag="245"><subfield code="a">Title</subfield></datafield><datafield ind1=" " ind2=" " tag="260"><subfield code="a">Imprint</subfield></datafield><datafield ind1=" " ind2=" " tag="490"><subfield code="a">Report</subfield></datafield><datafield ind1=" " ind2=" " tag="653"><subfield code="a">Keyword</subfield></datafield><datafield ind1=" " ind2=" " tag="700"><subfield code="a">Editor</subfield></datafield><datafield ind1=" " ind2=" " tag="852"><subfield code="a">COTA</subfield></datafield></record></collection>